@book{rest_cookbook,
   author = {Mark Masse},
   isbn = {9781449310509},
   month = {9},
   pages = {1-114},
   title = {REST API Design Rulebook},
   year = {2011},
   publisher={O'Reilly Media, Inc.}
}

@book{api_design,
   author = {Brenda Jin and Saurabh Sahni and Amir Shevat},
   isbn = {9781492026877},
   month = {8},
   pages = {1-232},
   publisher = {O'Reilly Media, Inc.},
   title = {Designing Web APIs},
   year = {2018},
}